@ARTICLE{phantompap,
       author = {{Price}, Daniel J. and {Wurster}, James and {Tricco}, Terrence S. and
         {Nixon}, Chris and {Toupin}, St{\'e}ven and {Pettitt}, Alex and
         {Chan}, Conrad and {Mentiplay}, Daniel and {Laibe}, Guillaume and
         {Glover}, Simon and {Dobbs}, Clare and {Nealon}, Rebecca and
         {Liptai}, David and {Worpel}, Hauke and {Bonnerot}, Cl{\'e}ment and
         {Dipierro}, Giovanni and {Ballabio}, Giulia and {Ragusa}, Enrico and
         {Federrath}, Christoph and {Iaconi}, Roberto and {Reichardt}, Thomas and
         {Forgan}, Duncan and {Hutchison}, Mark and {Constantino}, Thomas and
         {Ayliffe}, Ben and {Hirsh}, Kieran and {Lodato}, Giuseppe},
        title = "{Phantom: A Smoothed Particle Hydrodynamics and Magnetohydrodynamics Code for Astrophysics}",
      journal = {Publications of the Astronomical Society of Australia},
     keywords = {accretion, accretion disks, hydrodynamics, ISM: general, magnetohydrodynamics (MHD), methods: numerical, Astrophysics - Instrumentation and Methods for Astrophysics, Astrophysics - Earth and Planetary Astrophysics, Astrophysics - Astrophysics of Galaxies, Astrophysics - High Energy Astrophysical Phenomena, Astrophysics - Solar and Stellar Astrophysics},
         year = "2018",
        month = "Sep",
       volume = {35},
          eid = {e031},
        pages = {e031},
          doi = {10.1017/pasa.2018.25},
archivePrefix = {arXiv},
       eprint = {1702.03930},
 primaryClass = {astro-ph.IM},
       adsurl = {https://ui.adsabs.harvard.edu/\#abs/2018PASA...35...31P},
      adsnote = {Provided by the SAO/NASA Astrophysics Data System}
}
